% bericht.bib

@online{mqtt,
    AUTHOR    = "Steve Cope",
    TITLE     = "How MQTT Works -Beginners Guide",
    PUBLISHER = "Steve's Internet Guide",
    YEAR      = "2021"
}

@book{
    
}